<?xml version="1.0" encoding="UTF-8"?><collection xmlns="http://www.loc.gov/MARC21/slim"><record><leader>00355nam--2200121-i-4500</leader><controlfield tag="001">000007456</controlfield><controlfield tag="002">20161230</controlfield><controlfield tag="005">20161230201027</controlfield><controlfield tag="008">060222s1000------------r-----000-0-eng-d</controlfield><datafield ind1=" " ind2=" " tag="100"><subfield code="a">Brunie, Simone</subfield></datafield><datafield ind1=" " ind2=" " tag="245"><subfield code="a">Etude structurale des composes v5 se8, v5 s8, et ti5 se8.these</subfield></datafield><datafield ind1=" " ind2=" " tag="260"><subfield code="a">Lyon, La Faculte Des Sciences De L Universite, 1964. 58 P</subfield></datafield><datafield ind1=" " ind2=" " tag="852"><subfield code="a">22787</subfield></datafield></record></collection>